<collection xmlns="http://www.loc.gov/MARC21/slim">
<record>
  <leader>01438nam0a22003011i 450 </leader>
  <controlfield tag="001">IT\ICCU\CNCE\046193</controlfield>
  <controlfield tag="005">20180509000000.0</controlfield>
  <datafield tag="012" ind1=" " ind2=" ">
    <subfield code="a">redi lion uia. 68ti (C) 1550 (R)</subfield>
    <subfield code="2">fei</subfield>
  </datafield>
  <datafield tag="100" ind1=" " ind2=" ">
    <subfield code="a">19990128d1550        0itac0103    ba</subfield>
  </datafield>
  <datafield tag="101" ind1=" " ind2=" ">
    <subfield code="a">ITA</subfield>
  </datafield>
  <datafield tag="102" ind1=" " ind2=" ">
    <subfield code="a">CH</subfield>
  </datafield>
  <datafield tag="200" ind1="1" ind2=" ">
    <subfield code="a">℗Le ℗cento &amp; dieci diuine considerationi del s. Giouanni Valdesso. Nelle quali si ragiona delle cose piu utili, piu necessarie, &amp; piu perfette, della christiana professione</subfield>
  </datafield>
  <datafield tag="210" ind1=" " ind2=" ">
    <subfield code="a">In Basilea</subfield>
    <subfield code="d">1550</subfield>
  </datafield>
  <datafield tag="215" ind1=" " ind2=" ">
    <subfield code="a">\256! c.</subfield>
    <subfield code="d">8ʻ</subfield>
  </datafield>
  <datafield tag="300" ind1=" " ind2=" ">
    <subfield code="a">Stampato da Michael Isengrin e da Pietro Perna; per i tipografi cfr.: L. Perini, La vita e i tempi di Pietro Perna, p. 419-420, n. 4</subfield>
  </datafield>
  <datafield tag="620" ind1=" " ind2=" ">
    <subfield code="a">CH</subfield>
    <subfield code="d">Basilea</subfield>
  </datafield>
  <datafield tag="700" ind1=" " ind2="1">
    <subfield code="a">Valdš,</subfield>
    <subfield code="b">Juan : de</subfield>
    <subfield code="3">IT\ICCU\CNCA\009331</subfield>
  </datafield>
  <datafield tag="712" ind1="0" ind2="0">
    <subfield code="a">Perna, Pietro &amp; Isengrin, Michael</subfield>
    <subfield code="3">IT\ICCU\CNCT\006201</subfield>
    <subfield code="4">650</subfield>
  </datafield>
  <datafield tag="790" ind1=" " ind2="1">
    <subfield code="a">Valdesso,</subfield>
    <subfield code="b">Giovanni</subfield>
    <subfield code="3">IT\ICCU\CNCA\024665</subfield>
    <subfield code="z">Valdš, Juan : de</subfield>
  </datafield>
  <datafield tag="801" ind1=" " ind2="3">
    <subfield code="a">IT</subfield>
    <subfield code="b">ICCU</subfield>
    <subfield code="c">20201114</subfield>
  </datafield>
  <datafield tag="899" ind1=" " ind2=" ">
    <subfield code="a">Biblioteca estera - Biblioteca Nacional de Espaą. Madrid</subfield>
    <subfield code="1">AA0001</subfield>
  </datafield>
  <datafield tag="899" ind1=" " ind2=" ">
    <subfield code="a">Biblioteca estera - Bayerische StaatsBibliothek. Muenchen</subfield>
    <subfield code="1">AA0008</subfield>
  </datafield>
  <datafield tag="899" ind1=" " ind2=" ">
    <subfield code="a">Biblioteca nazionale centrale. Firenze</subfield>
    <subfield code="1">FI0098</subfield>
    <subfield code="2">CFI CF</subfield>
  </datafield>
  <datafield tag="899" ind1=" " ind2=" ">
    <subfield code="a">Biblioteca universitaria. Padova</subfield>
    <subfield code="1">PD0158</subfield>
    <subfield code="2">PUV 00</subfield>
  </datafield>
  <datafield tag="899" ind1=" " ind2=" ">
    <subfield code="a">Biblioteca comunale Augusta. Perugia</subfield>
    <subfield code="1">PG0109</subfield>
    <subfield code="2">UM1 01</subfield>
  </datafield>
  <datafield tag="899" ind1=" " ind2=" ">
    <subfield code="a">Biblioteca Angelica. Roma</subfield>
    <subfield code="1">RM0290</subfield>
    <subfield code="2">RML 06</subfield>
  </datafield>
  <datafield tag="899" ind1=" " ind2=" ">
    <subfield code="a">Biblioteca Reale. Torino</subfield>
    <subfield code="1">TO0263</subfield>
    <subfield code="2">TO0 07</subfield>
  </datafield>
  <datafield tag="899" ind1=" " ind2=" ">
    <subfield code="a">British Library. London</subfield>
    <subfield code="1">UK0001</subfield>
  </datafield>
</record>
</collection>
